IEEEexample.bib 
\bibliographystyle{./IEEEtran}
\bibliography{./IEEEabrv,./IEEEexample}

note: double {{}} are needed so the title next is not converted into lowercase

@article{CongestionAvoidance,
  Author 	= {V. Jacobson},
  Title 	= {{Networking named content}},
  Journal 	= {Proceedings of the 5th international conference
on Emerging networking experiments and technologies. ACM},
  Year 		= {2009},
}
