IEEEexample.bib 
\bibliographystyle{./IEEEtran}
\bibliography{./IEEEabrv,./IEEEexample}

note: double {{}} are needed so the title next is not converted into lowercase

@article{CongestionAvoidance,
  Author 	= {V. Jacobson},
  Title 	= {{ Congestion avoidance and control}},
  Journal 	= {ACM SIGCOMM},
  Month 	= {August},
  Year 		= {1988},
  Pages 	= {314--329},
  address = {Stanford, CA, USA}
}

@article{TCPFairnessAnalysis,
  Author  = {S.,Molnár and B.,Sonkoly and T. A.,Trinh},
  Title   = {{A Comprehensive TCP Fairness Analysis in High Speed Networks}},
  Journal   = {Computer Communications, Elsevier, Article in Press}
}

@standard{HighSpeedTCP,
  Author        = {S. Floyd},
  title         = "Highspeed TCP for large congestion window",
  organization  = "IETF",
  type          = "RFC",
  number        = "3649",
  Year          = {2003},
  Month         = {December}
}

@article{ScalableTCP,
  Author  = {T. Kelly},
  Title   = {{Scalable TCP: Improving performance in highspeed wide area networks}},
  Journal   = {ACM SIGCOMM Computer Communication Review},
  Month   = {April},
  Year    = {2003},
  Pages   = {33(2):83-91},
}

@article{BICTCP,
  Author  = {L., Xu and K., Harfoush and I., Rhee},
  Title   = {{Binary increase congestion control (BIC) for fast long-distance networks}},
  Journal   = {IEEE Infocom 2004, vol. 4},
  Month   = {March},
  Year    = {2004},
  Pages   = {2514--2524},
  address = {Hong Kong, China}
}

@article{CUBIC,
  Author  = {I., Rhee and L. Xu},
  Title   = {{CUBIC: a new TCP-friendly high-speed TCP variant}},
  Journal   = {Proceedings of Third International Workshop on Protocols for Fast Long-Distance Networks (PFLDnet 2005)},
  Month   = {Feb},
  Year    = {2005},
  address = {Lyon, France}
}

@article{FastTCP,
  Author  = {D.X., Wei and C., Jin and S.H., Low and S. Hegde},
  Title   = {{FAST TCP: motivation, architecture, algorithms, performance}},
  Journal   = {IEEE/ACM Transactions on Networking (ToN) 14 (6)},
  Year    = {2006},
  Pages   = {1246–1259}
}

@article{CompundTCP,
  Author  = {K., Tan and J., Song and Q., Zhang and M., Sridharan},
  Title   = {{A compound TCP approach for highspeed and long distance networks}},
  Journal   = {Proceedings of IEEE Infocom 2006},
  Month   = {April},
  Year    = {2006},
  Pages   = {1246–1259},
  address = {Barcelona, Spain}
}

@article{TCPWestwood,
  Author  = {R., Wang and K., Yamada and M.Y., Sanadidi and M., Gerla},
  Title   = {{TCP with sender-side intelligence to handle dynamic, large, leaky pipes}},
  Journal   = {IEEE Journal on Selected Areas in Communications 23 (2)},
  Month   = {April},
  Year    = {2005},
  Pages   = {235–248}
}

@article{XCP,
  Author  = {D., Katabi and M., Handley and C., Rohrs},
  Title   = {{Congestion control for high bandwidthdelay product networks}},
  Journal   = {Proceedings of ACM SIGCOMM},
  Month   = {August},
  Year    = {2002},
  address = {Pittsburgh, PA, USA}
}